@article{sift,
	author = {David G. Lowe},
	title = {Distinctive Image Features from Scale-Invariant Keypoints},
	year = {2004},
    % https://www.cs.ubc.ca/~lowe/papers/ijcv04.pdf
}

@article{primatevisualcortex,
    author = {Thomas Serre \and Minjoon Kouh \and Charles Cadieu \and Ulf Knoblich \and Gabriel Kreiman \and Tomaso Poggio},
    title = {A Theory of Object Recognition: Computations and Circuits in the Feedforward Path of the Ventral Stream in Primate Visual Cortex},
    year = {2005}
    % https://serre-lab.clps.brown.edu/wp-content/uploads/2012/08/GetTRDoc.pdf
}

@article{semanticsearchsurvey,
    author = {Eetu Makela},
    title = {Survey of Semantic Search Research},
    year = {2008}
    % https://www.researchgate.net/publication/225070162_Survey_of_Semantic_Search_Research
}

@article{wordnetinternetsearches,
    author = {D.I. Moldovan \and R. Mihalcea},
    title = {Using wordnet and lexical operators to improve internetsearches},
    year = {2000}
    % https://ieeexplore.ieee.org/document/815847
}

@article{wordnetgeo,
    author = {Davide Buscaldi \and Paolo Rosso \and Emilio Sanchis Arnal},
    title = {A wordnet-based query expansion method for geographical information retrieval},
    year = {2005}
}

@article{cleversearch,
    author = {Peter M. Kruse \and Andre Naujoks \and Dietmar Roesner \and Manuela Kunze},
    title = {Clever Search: A WordNet Based Wrapper for Internet Search Engines},
    year = {2005}
}

@article{facets,
    author = {Phillip Lord \and Robert Stevens},
    title = {Facets, Tiers and Gems: Ontology Patterns for Hypernormalisation},
    year = {2017}
    % https://arxiv.org/abs/1711.07273
}

@article{shoe,
    author = {Jeff Heflin \and James Hendler},
    title = {Searching the Web with SHOE},
    year = {2003}
    %https://www.researchgate.net/publication/2942857_Searching_the_Web_with_SHOE
}

@article{seal,
    author = {Alexander Maedche \and Steffen Staab \and Nenad Stojanovic \and York Sure-Vetter},
    title = {SEAL - a framework for developing SEmantic web portALs},
    year = {2001}
}

@article{ontoviews,
    author = {Eetu Mäkelä \and Eero Hyvönen \and Samppa Saarela \and Kim Viljanen},
    title = {OntoViews – A Tool for Creating Semantic Web Portals},
    year = {2004}
}

@article{finlandmuseum,
    author = {Eero Hyvönen \and Eetu Mäkelä \and Mirva Salminen},
    title = {MuseumFinland—Finnish museums on the semantic web},
    year = {2005}
}

@article{orienteering,
    author = {Jaime Teevan \and Christine Alvarado \and Mark S. Ackerman \and David R. Karger},
    title = {The perfect search engine is not enough: a study of orienteering behavior in directed search},
    year = 2004
}

@article{haystack,
    author = {David Ron Karger \and Karun Bakshi \and David Huynh},
    title = {Haystack: A General-Purpose Information Management Tool for End Users Based on Semistructured Data},
    year = 2005
}